<record><leader>00000cas a22000007a 4500</leader><controlfield tag="001">13078549</controlfield><controlfield tag="008">860129c19669999wiucr ne      0    0eng d</controlfield><datafield ind1=" " ind2=" " tag="010"><subfield code="a">sn 86086302 </subfield></datafield><datafield ind1=" " ind2=" " tag="040"><subfield code="a">NPV</subfield><subfield code="b">eng</subfield><subfield code="c">NPV</subfield><subfield code="d">OCLCQ</subfield></datafield><datafield ind1=" " ind2=" " tag="042"><subfield code="a">msc</subfield></datafield><datafield ind1=" " ind2=" " tag="045"><subfield code="a">x6--</subfield></datafield><datafield ind1=" " ind2=" " tag="052"><subfield code="a">4123</subfield><subfield code="b">G6</subfield></datafield><datafield ind1="0" ind2=" " tag="130"><subfield code="a">Platteville journal (Platteville, Wis. : 1966)</subfield></datafield><datafield ind1="1" ind2="4" tag="245"><subfield code="a">The Platteville journal.</subfield></datafield><datafield ind1=" " ind2=" " tag="260"><subfield code="a">Platteville, Grant County, Wis. :</subfield><subfield code="b">[s.n.],</subfield><subfield code="c">1966-</subfield></datafield><datafield ind1=" " ind2=" " tag="300"><subfield code="a">v. :</subfield><subfield code="b">ill.</subfield></datafield><datafield ind1=" " ind2=" " tag="310"><subfield code="a">Semiweekly</subfield></datafield><datafield ind1=" " ind2=" " tag="321"><subfield code="a">Weekly,</subfield><subfield code="b">Aug. 18, 1966-Feb. 26, 1970</subfield></datafield><datafield ind1="0" ind2=" " tag="362"><subfield code="a">Sixty-six year, no. 32 [i.e. 33] (Aug. 18, 1966)-</subfield></datafield><datafield ind1=" " ind2=" " tag="500"><subfield code="a">Publisher varies.</subfield></datafield><datafield ind1=" " ind2=" " tag="515"><subfield code="a">Ceases volume and number designation, Mar. 3, 1970 -May 1, 1975.</subfield></datafield><datafield ind1=" " ind2=" " tag="515"><subfield code="a">Numbering irregular.</subfield></datafield><datafield ind1=" " ind2=" " tag="530"><subfield code="a">Available on microfilm from The State Historical Society of Wisconsin.</subfield></datafield><datafield ind1=" " ind2=" " tag="752"><subfield code="a">United States</subfield><subfield code="b">Wisconsin</subfield><subfield code="c">Grant</subfield><subfield code="d">Platteville.</subfield></datafield><datafield ind1="0" ind2="0" tag="780"><subfield code="t">Platteville journal and Grant County news</subfield><subfield code="w">(DLC)sn 86086301</subfield></datafield></record>